@inproceedings{hindleymilner,
 author = {Damas, Luis and Milner, Robin},
 title = {Principal type-schemes for functional programs},
 booktitle = {POPL '82: Proceedings of the 9th ACM SIGPLAN-SIGACT symposium on Principles of programming languages},
 year = {1982},
 isbn = {0-89791-065-6},
 pages = {207--212},
 location = {Albuquerque, New Mexico},
 doi = {http://doi.acm.org/10.1145/582153.582176},
 publisher = {ACM},
 address = {New York, NY, USA},
 }

@misc{graham100yr,
  author = {Graham, Paul},
  year = {2003}, 
  title = {The hundred-year language},
  howpublished = "\url{http://www.paulgraham.com/hundred.html}"
 }

@article{skcombinator,
    author = {Sch{\"{o}}nfinkel, M.},
    citeulike-article-id = {2546429},
    journal = {Math Annalen},
    keywords = {lcbbbib},
    pages = {305--316},
    posted-at = {2008-03-17 14:30:48},
    priority = {3},
    title = {{\"{U}}ber die Bausteine der mathematischen Logik},
    volume = {92},
    year = {1924}
}

@inproceedings{tromp,
  author = {John Tromp},
  title = {Binary Lambda Calculus and Combinatory Logic},
  booktitle = {Proceedings of the 5th Conference on Real Numbers and Computers, RNC5},
   year = {2003},
   pages = {214}
}

@misc{grahamarc,
  author = {Graham, Paul},
  year = {2001},
  title = {Arc at 3 weeks},
  howpublished = "\url{http://www.paulgraham.com/arcll1.html}"
  }

@misc{grahamcore,
  author = {Graham, Paul},
  year = {2008},
  title = {First priority: core language},
  howpublished = "\url{http://www.paulgraham.com/core.html}"
  }

@misc{piumartacola,
  author = {Piumarta, Ian},
  year = {2005},
  title = {Making COLAs with Pepsi and Coke},
  howpublished = "\url{http://piumarta.com/papers/colas-whitepaper.pdf}"
  }

@misc{tarverqi,
  author = {Tarver, Mark},
  year = {2009},
  title = {Functional programming with Qi},
  howpublished = "\url{http://www.lambdassociates.org/Book/page000.htm}"
  }

@article{kaymaxwell,
   author = {Feldman, Stuart},
    title = {A Conversation with Alan Kay},
     journal = {Queue},
      volume = {2},
       number = {9},
        year = {2005},
         issn = {1542-7730},
          pages = {20--30},
           doi = {http://doi.acm.org/10.1145/1039511.1039523},
            publisher = {ACM},
             address = {New York, NY, USA},
              }

@article{mccarthylisp,
   author = {McCarthy, John},
    title = {History of LISP},
     journal = {SIGPLAN Not.},
      volume = {13},
       number = {8},
        year = {1978},
         issn = {0362-1340},
          pages = {217--223},
           doi = {http://doi.acm.org/10.1145/960118.808387},
            publisher = {ACM},
             address = {New York, NY, USA},
              } 

@article{haskell98,
    author = {Simon {Peyton Jones} and others},
      title = {The {Haskell} 98 Language and Libraries: The
        Revised Report},
        journal = {Journal of Functional Programming},
          volume = 13,
            number = 1,
              pages = {0--255},
                month = {Jan},
                  year = 2003,
                    note =
                    {\url{http://www.haskell.org/definition/}}
        }

@inproceedings{crashonly,
   author = {Candea, George and Fox, Armando},
    title = {Crash-only software},
     booktitle = {HOTOS'03: Proceedings of the 9th conference on
       Hot Topics in Operating Systems},
      year = {2003},
       pages = {12--12},
        location = {Lihue, Hawaii},
         publisher = {USENIX Association},
          address = {Berkeley, CA, USA},
           }

@inproceedings{unixtrouble,
   author = {Leon, Lorenzo De and Harris, William G. and Evens,
     Martha},
      title = {Is there really trouble with UNIX?},
       booktitle = {CHI '83: Proceedings of the SIGCHI conference
         on Human Factors in Computing Systems},
        year = {1983},
         isbn = {0-89791-121-0},
          pages = {125--129},
           location = {Boston, Massachusetts, United States},
            doi = {http://doi.acm.org/10.1145/800045.801595},
             publisher = {ACM},
              address = {New York, NY, USA},
               }

@article{kaysmalltalk,
   author = {Kay, Alan C.},
    title = {The early history of Smalltalk},
     journal = {SIGPLAN Not.},
      volume = {28},
       number = {3},
        year = {1993},
         issn = {0362-1340},
          pages = {69--95},
           doi = {http://doi.acm.org/10.1145/155360.155364},
            publisher = {ACM},
             address = {New York, NY, USA},
              }

@inproceedings{namedcontent,
   author = {Jacobson, Van and Smetters, Diana K. and Thornton,
     James D. and Plass, Michael F. and Briggs, Nicholas H. and
       Braynard, Rebecca L.},
      title = {Networking named content},
       booktitle = {CoNEXT '09},
        year = {2009},
         isbn = {978-1-60558-636-6},
          pages = {1--12},
           location = {Rome, Italy},
            doi = {http://doi.acm.org/10.1145/1658939.1658941},
             publisher = {ACM},
              address = {New York, NY, USA},
               }
